<?xml version="1.0" encoding="UTF-8"?><collection xmlns="http://www.loc.gov/MARC21/slim"><record><leader>00438nam--2200169-i-4500</leader><controlfield tag="001">000035529</controlfield><controlfield tag="002">20161230</controlfield><controlfield tag="005">20170129002333</controlfield><controlfield tag="008">060222s1000------------r-----000-0-eng-d</controlfield><datafield ind1=" " ind2=" " tag="080"><subfield code="a">658.3</subfield></datafield><datafield ind1=" " ind2=" " tag="100"><subfield code="a">Myers, Charles A</subfield></datafield><datafield ind1=" " ind2=" " tag="245"><subfield code="a">Personnel administration. A point of view and method</subfield></datafield><datafield ind1=" " ind2=" " tag="260"><subfield code="a">New York</subfield><subfield code="b">Mcgraw Hill Book</subfield><subfield code="c">1969</subfield></datafield><datafield ind1=" " ind2=" " tag="300"><subfield code="a">XI + 882 p</subfield></datafield><datafield ind1=" " ind2=" " tag="700"><subfield code="a">Pigors, Paul</subfield></datafield><datafield ind1=" " ind2=" " tag="852"><subfield code="a">32879</subfield></datafield><datafield ind1=" " ind2=" " tag="CAT"><subfield code="a">SYS</subfield><subfield code="c">20170129</subfield><subfield code="h">002333</subfield></datafield></record></collection>